@online{nasa-latex-docs,
   title = "{GitHub Repo: Nasa-Latex-Docs}",
   year = "2017",
   organization = "NASA",
   url = "https://github.com/nasa/nasa-latex-docs"
}