@Article{薛庆超2019,
  author  = {薛庆超},
  journal = {郑州轻工业学院学报：社会科学版},
  title   = {新中国成立以来党的历史上具有深远意义的伟大转折},
  year    = {2019},
  number  = {1},
  pages   = {9},
  volume  = {20},
}

@Comment{jabref-meta: databaseType:bibtex;}
