@misc{RN2,
   title = {西安二手房房源\_ 西安二手房出售 | 买卖 | 交易信息 (西安链家)},
   url = {https://xa.lianjia.com/ershoufang/rs/},
   type = {Web Page}
}

@misc{RN5,
   title = {西安房价网， 2022 西安房价走势图，西安二手房价格­安居客},
   url = {https://xa.anjuke.com/market/},
   type = {Web Page}
}

@article{RN6,
   author = {韩婷},
   title = {住宅价格与成交量关系的协整研究},
   journal = {东方企业文化},
   number = {19},
   pages = {277},
   abstract = {我国房地产业在社会经济中起着举足轻重的地位,那么成交量、住宅价格及人均收入有何关系?本文基于我国2005-2013年31个省的面板数据对三者之间的关系作了Granger因果关系检验。结果表明,住宅价格对成交量有抑制作用,人均收入对成交量有促进影响。},
   keywords = {住宅价格
成交量
协整检验
面板数据},
   ISSN = {1672-7355},
   year = {2015},
   type = {Journal Article}
}

@phdthesis{RN3,
   author = {侯月月},
   title = {限购、人才落户政策对房价的影响研究},
   university = {青岛理工大学},
   type = {硕士},
   abstract = {近20年来,中国实施了一轮又一轮的房地产调控政策,房地产市场价格得到了有效抑制,限购政策更是在其中起到了至关重要的作用。自2017年起,各地先后出台了包括提供住房、购房补贴,降低落户门槛等举措的人才落户政策。这无疑激发了潜在的住房需求,进而对限购政策实施效果造成冲击。在此冲击下房地产市场的住房价格是否会受到影响,将会受到什么样的影响,这种影响对不同属性、不同面积的住房是否存在差异都是十分重要的问题。因此,研究限购政策和人才落户政策对房地产市场的影响,对引导房地产市场的健康发展有着十分重要的现实意义。本文使用2015年1月至2019年12月国内70个大中城市的房价同比增速数据对限购政策、人才落户政策在不同属性、不同面积的住房价格增速的影响分别进行了评估,在模型中引入限购和人才落户的交互项,考察人才落户政策对限购政策效果的实际影响。在理论分析部分,文章概述了限购政策和人才落户政策对房价的传导机制,并通过对比实施政策城市和未实施城市的房价水平,对限购政策和人才落户政策的实施效果做描述性统计分析。在实证研究部分,使用70个大中城市的房价同比增速数据,在PSM-DID模型的框架下,基于不同住房属性、不同住房面积等角度,分别探究了限购、人才落户政策对房价指数的影响,同时引入限购和人才落户政策虚拟变量的交互项检验人才落户政策是否会削弱限购政策的效果。研究结果表明:对于限购政策,基于住房属性层面,无论是新建住宅还是二手住宅,限购政策对其价格均有显著的抑制作用,并且限购对新建住宅价格的抑制作用更明显;基于住房面积层面,限购政策的系数从大到小依次是小户型(90平米以下)、中户型(90-144平米)、大户型(144平米以上),因此,小户型住房受到限购政策的影响更大。对于人才落户政策,基于住房属性层面,人才落户对新建商品住宅的影响显著为正,会促进房价上涨,但是对二手住宅的影响不显著;基于住房面积层面,大户型新建商品住宅的人才落户系数最大,其次是小户型、中户型,即大户型的新建住宅受到人才落户政策的刺激最大。对于二手住宅而言,无论是整个二手住宅市场还是不同面积的二手住宅,人才落户政策对其影响作用都很小。通过观察限购和人才落户的交互项系数发现,人才落户政策的实施并未对限购政策抑制房价的效果产生减弱效果,反而会促进限购政策的抑制房价效果。本文最后根据实证分析结果对房地产市场的发展,以及限购、人才落户政策的实施提出了对策和建议。},
   keywords = {限购政策
人才落户政策
房价
倾向匹配得分
倍差分法},
   DOI = {10.27263/d.cnki.gqudc.2021.000086},
   year = {2021},
   type = {Thesis}
}

@article{RN4,
   author = {肖启荣},
   title = {流通性减弱环境下房地产经济发展趋势分析},
   journal = {商业经济研究},
   number = {07},
   pages = {177-179},
   abstract = {伴随着我国城市化进程的不断深入,城镇化建设明显增快,大量的农村人口转移到城市,对住房的需求大幅度提升,房地产行业借此契机加快资本累积,逐渐成为我国国民经济的支柱型产业之一。但与此同时,房地产经济的过度增长也造成了房价虚高、市场发展和监管不当、经济泡沫等不良现象,极大减弱了房地产经济的流通性,对房地产经济的发展十分不利。为此,本文就当前国内房地产经济的发展现状为着手点,从政策和市场自身的发展两个角度出发,来探讨其流通性减弱对房地产经济的影响。在此基础上,对流通性减弱环境下房地产经济的发展趋势做出客观的评估,为进一步推动国民经济的发展提供可参考的依据。},
   keywords = {流通性减弱
房地产经济
城市化进程},
   ISSN = {2095-9397},
   year = {2019},
   type = {Journal Article}
}

@phdthesis{RN1,
   author = {余晓龙},
   title = {人才落户政策对房价的影响},
   university = {浙江工商大学},
   type = {硕士},
   abstract = {改革开放四十年来,中国的房地产市场得到了飞速的发展。房地产市场的这种发展体现在住房成交量的急速增长与住房价格的猛烈提升。与此同时,针对房地产市场的过热这一现象,为了确保房地产市场的又好又快发展,近十几年来,中国实施了一轮又一轮的房地产限购政策。在此形势下,房地产的市场价格得到了有效的抑制,对于限购政策的制定与使用也形成了一套成熟的体系。2017年起,各地兴起的人才落户政策,以吸收各地的人才为目的,放开了人才的落户门槛。在这种情形下,实施限购政策的城市将受到了人才落户政策的冲击。在此冲击下,房地产市场的住房价格与成交量将会受到何种影响,这种影响对不同发展水平的城市、不同属性的住房是否不同都是十分重要的问题。因此,研究人才落户政策对房地产市场的影响,对房地产市场的健康发展有着十分重要的现实意义。综上所述,本文将使用理论分析与实证分析相结合的研究方法,通过阅读大量文献与选取合适的实证模型来深入研究人才落户政策对房地产市场住房价格的影响。本文首先对房地产市场的相关理论基础进行总结,为后文的实证研究奠定基础。本文的理论研究分为三部分,第一部分说明人才落户政策的具体概念与包含的内容;第二部分,基于四象限模型、预期理论、货币调控政策、人口结构分析了人才落户政策对房地产市场的影响的具体传导机制;第三部分,通过房价变动理论建立合理的模型为后文的实证研究打好基础。在结束了理论分析之后,本文结合房地产市场近年来的情况,将房地产市场分为新建住房市场与二手房市场,将实施人才落户城市分为一线、二线、三线城市,对人才落户政策实施现状进行了图表分析。然后,本文通过随机效应模型与双重差分(DID)模型对2016年1月到2018年12月我国70个大中城市的相关房地产数据进行关于人才落户政策对房价的短期影响的实证分析。实证分析从不同的城市等级、不同的建筑面积、不同的住房属性、不同的政策工具展开,从而探究人才落户政策与房地产市场住房价格之间的关系,同时通过相关城市的年度数据运用中介效应模型对人才落户政策对房地产市场影响的具体实施路径进行了检验。在得到相应的实证结果后,通过双重差分模型适用性检验、PSM-DID检验与反事实检验,验证了结果的有效性。研究结果表明:从城市等级上看,人才落户政策实施是有所效果的,无论二线城市还是三线城市,人才落户政策会刺激房价的增长,对于三线城市,房价的刺激更为明显;从建筑面积上看,90平米以上144平米以下面积的房屋受到人才落户政策影响力最小,而144平米以上的大面积住房受到的政策影响最大。从住房属性上看,人才落户政策对新房的影响要大于二手房,并且更加显著。从政策工具上看,配售保障性住房对房价的影响显著,为负向作用。通过中介效用模型的检验,本文认为人才落户政策通过人才流入这一中介变量来部分影响城市房价。同时,购房者与房地产开发商对房地产市场价格上升的预期,同样对房地产市场价格有着正向作用。最后基于以上的理论分析结论,以及实证分析的结果,本文提出以下三点建议:第一,合理划分人才落户政策的具体人群;第二,合理制定人才落户政策的力度与工具;第三,合理协调人才落户政策与房地产限购政策。},
   keywords = {人才落户政策
房价
双重差分模型},
   DOI = {10.27462/d.cnki.ghzhc.2020.000073},
   year = {2020},
   type = {Thesis}
}

